
@article{wang2016auto,
  title={Auto-encoder based dimensionality reduction},
  author={Wang, Yasi and Yao, Hongxun and Zhao, Sicheng},
  journal={Neurocomputing},
  volume={184},
  pages={232--242},
  year={2016},
  publisher={Elsevier}
}

@inproceedings{wang2014generalized,
  title={Generalized autoencoder: A neural network framework for dimensionality reduction},
  author={Wang, Wei and Huang, Yan and Wang, Yizhou and Wang, Liang},
  booktitle={Proceedings of the IEEE conference on computer vision and pattern recognition workshops},
  pages={490--497},
  year={2014}
}

@article{hinton2006reducing,
  title={Reducing the dimensionality of data with neural networks},
  author={Hinton, Geoffrey E and Salakhutdinov, Ruslan R},
  journal={science},
  volume={313},
  number={5786},
  pages={504--507},
  year={2006},
  publisher={American Association for the Advancement of Science}
}

@article{dimensionality_reduction,
  author = {Van Der Maaten, Laurens and Postma, Eric and Van den Herik, Jaap},
  journal = {J Mach Learn Res},
  pages = {66--71},
  title = {Dimensionality reduction: a comparative review},
  volume = 10,
  year = 2009
}



@article{ISOMAP,
  title={A global geometric framework for nonlinear dimensionality reduction},
  author={Tenenbaum, Joshua B and De Silva, Vin and Langford, John C},
  journal={science},
  volume={290},
  number={5500},
  pages={2319--2323},
  year={2000},
  publisher={American Association for the Advancement of Science}
}


@article{duda2001pattern,
  title={Pattern classification},
  author={Duda, Richard O and Hart, Peter E and Stork, David G and others},
  journal={International Journal of Computational Intelligence and Applications},
  volume={1},
  pages={335--339},
  year={2001},
  publisher={IMPERIAL COLLEGE PRESS}
}

@article{PCA,
  title={Principal component analysis},
  author={Wold, Svante and Esbensen, Kim and Geladi, Paul},
  journal={Chemometrics and intelligent laboratory systems},
  volume={2},
  number={1-3},
  pages={37--52},
  year={1987},
  publisher={Elsevier}
}

@article{Curse_of_dim,
  title={On bias, variance, 0/1â€”loss, and the curse-of-dimensionality},
  author={Friedman, Jerome H},
  journal={Data mining and knowledge discovery},
  volume={1},
  number={1},
  pages={55--77},
  year={1997},
  publisher={Springer}
}

@article{RecSys_VAE,
  author    = {Dawen Liang and Rahul G. Krishnana and Matthew D. Hoffman and Tony Jebara},
  title     = {Variational Autoencoders for Collaborative Filtering},
  journal = {CoRR},
  volume    = {abs/1802.05814},
  year      = {2018},
  url       = {https://arxiv.org/abs/1802.05814}
}


@inproceedings{Hybrid_AutoRec_implicit,
  author    = {Yao Wu and
               Christopher DuBois and
               Alice X. Zheng and
               Martin Ester},
  title     = {Collaborative Denoising Auto-Encoders for Top-N Recommender Systems},
  booktitle = {Proceedings of the Ninth {ACM} International Conference on Web Search
               and Data Mining, San Francisco, CA, USA, February 22-25, 2016},
  pages     = {153--162},
  year      = {2018}
}

@inproceedings{Hybrid_AutoRec2,
  TITLE = {{Collaborative Filtering with Stacked Denoising AutoEncoders and Sparse Inputs}},
  AUTHOR = {Strub, Florian and Mary, J{\'e}r{\'e}mie},
  BOOKTITLE = {{NIPS Workshop on Machine Learning for eCommerce}},
  ADDRESS = {Montreal, Canada},
  YEAR = {2015},
  MONTH = Dec
}

@article{Hybrid_AutoRec1,
  author    = {Florian Strub and
               J{\'{e}}r{\'{e}}mie Mary and
               Romaric Gaudel},
  title     = {Hybrid Recommender System based on Autoencoders},
  journal   = {CoRR},
  volume    = {abs/1606.07659},
  year      = {2016},
  url       = {http://arxiv.org/abs/1606.07659}
}

@inproceedings{AutoRec,
  author    = {Suvash Sedhain and
               Aditya Krishna Menon and
               Scott Sanner and
               Lexing Xie},
  title     = {AutoRec: Autoencoders Meet Collaborative Filtering},
  booktitle = {Proceedings of the 24th International Conference on World Wide Web
               Companion, {WWW} 2015, Florence, Italy, May 18-22, 2015 - Companion
               Volume},
  pages     = {111--112},
  year      = {2015}
}

@incollection{recsys_book,
  title={Introduction to recommender systems handbook},
  author={Ricci, Francesco and Rokach, Lior and Shapira, Bracha},
  booktitle={Recommender systems handbook},
  pages={1--35},
  year={2011},
  publisher={Springer}
}

@inproceedings{CF_Explained,
  author = {Herlocker, Jonathan L. and Konstan, Joseph A. and Riedl, John},
  booktitle = {Proceedings of the 2000 ACM Conference on Computer Supported Cooperative Work},
  pages = {241--250},
  publisher = {ACM},
  series = {CSCW '00},
  title = {{Explaining Collaborative Filtering Recommendations}},
  year = 2000
}



@book{BishopBook,
 author = {Bishop, Christopher M.},
 title = {Pattern Recognition and Machine Learning (Information Science and Statistics)},
 year = {2006},
 isbn = {0387310738},
 publisher = {Springer-Verlag},
 address = {Berlin, Heidelberg},
} 


@incollection{AutoEncoder_original,
 author = {Rumelhart, D. E. and Hinton, G. E. and Williams, R. J.},
 chapter = {Learning Internal Representations by Error Propagation},
 title = {Parallel Distributed Processing: Explorations in the Microstructure of Cognition, Vol. 1},
 editor = {Rumelhart, David E. and McClelland, James L. and PDP Research Group, CORPORATE},
 year = {1986},
 isbn = {0-262-68053-X},
 pages = {318--362},
 numpages = {45},
 url = {http://dl.acm.org/citation.cfm?id=104279.104293},
 acmid = {104293},
 publisher = {MIT Press},
 address = {Cambridge, MA, USA},
}

@article{linear_AutoEncoders,
 author = {Baldi, P. and Hornik, K.},
 title = {Neural Networks and Principal Component Analysis: Learning from Examples Without Local Minima},
 journal = {Neural Netw.},
 issue_date = {1989},
 volume = {2},
 number = {1},
 month = jan,
 year = {1989},
 issn = {0893-6080},
 pages = {53--58},
 numpages = {6},
 url = {http://dx.doi.org/10.1016/0893-6080(89)90014-2},
 doi = {10.1016/0893-6080(89)90014-2},
 acmid = {70362},
 publisher = {Elsevier Science Ltd.},
 address = {Oxford, UK, UK},
}

@InProceedings{AutoEncoders_explanation,
  title = 	 {Autoencoders, Unsupervised Learning, and Deep Architectures},
  author = 	 {Pierre Baldi},
  booktitle = 	 {Proceedings of ICML Workshop on Unsupervised and Transfer Learning},
  pages = 	 {37--49},
  year = 	 {2012},
  editor = 	 {Isabelle Guyon and Gideon Dror and Vincent Lemaire and Graham Taylor and Daniel Silver},
  volume = 	 {27},
  series = 	 {Proceedings of Machine Learning Research},
  address = 	 {Bellevue, Washington, USA},
  month = 	 {02 Jul},
  publisher = 	 {PMLR},
}

@inproceedings{Denoising_AutoEncoders,
 author = {Vincent, Pascal and Larochelle, Hugo and Bengio, Yoshua and Manzagol, Pierre-Antoine},
 title = {Extracting and Composing Robust Features with Denoising Autoencoders},
 booktitle = {Proceedings of the 25th International Conference on Machine Learning},
 series = {ICML '08},
 year = {2008},
 isbn = {978-1-60558-205-4},
 location = {Helsinki, Finland},
 pages = {1096--1103},
 numpages = {8},
 url = {http://doi.acm.org/10.1145/1390156.1390294},
 doi = {10.1145/1390156.1390294},
 acmid = {1390294},
 publisher = {ACM},
 address = {New York, NY, USA},
} 

@article{Stacked_autoEncoders,
 author = {Vincent, Pascal and Larochelle, Hugo and Lajoie, Isabelle and Bengio, Yoshua and Manzagol, Pierre-Antoine},
 title = {Stacked Denoising Autoencoders: Learning Useful Representations in a Deep Network with a Local Denoising Criterion},
 journal = {J. Mach. Learn. Res.},
 issue_date = {3/1/2010},
 volume = {11},
 month = dec,
 year = {2010},
 issn = {1532-4435},
 pages = {3371--3408},
 numpages = {38},
 url = {http://dl.acm.org/citation.cfm?id=1756006.1953039},
 acmid = {1953039},
 publisher = {JMLR.org},
}

@INPROCEEDINGS{NNAutoEncoder, 
author={M. Ranzato and F. J. Huang and Y. Boureau and Y. LeCun}, 
booktitle={2007 IEEE Conference on Computer Vision and Pattern Recognition}, 
title={Unsupervised Learning of Invariant Feature Hierarchies with Applications to Object Recognition}, 
year={2007}, 
volume={}, 
number={}, 
pages={1-8}, 
keywords={feature extraction;object recognition;unsupervised learning;unsupervised learning;invariant feature hierarchy;object recognition;feature extractor;multiple convolution filters;feature-pooling layer;Unsupervised learning;Object recognition;Feature extraction;Computer vision;Detectors;Computer architecture;Gabor filters;Object detection;Convolution;Supervised learning}, 
doi={10.1109/CVPR.2007.383157}, 
ISSN={1063-6919}, 
month={June},}

@InProceedings{ConvAutoEncoder,
author="Masci, Jonathan
and Meier, Ueli
and Cire{\c{s}}an, Dan
and Schmidhuber, J{\"u}rgen",
editor="Honkela, Timo
and Duch, W{\l}odzis{\l}aw
and Girolami, Mark
and Kaski, Samuel",
title="Stacked Convolutional Auto-Encoders for Hierarchical Feature Extraction",
booktitle="Artificial Neural Networks and Machine Learning -- ICANN 2011",
year="2011",
publisher="Springer Berlin Heidelberg",
address="Berlin, Heidelberg",
pages="52--59",
isbn="978-3-642-21735-7"
}

@article{VariationalAutoEncoder,
  author    = {Diederik P. Kingma and
               Max Welling},
  title     = {Auto-Encoding Variational Bayes},
  journal   = {CoRR},
  volume    = {abs/1312.6114},
  year      = {2013}
}

@inproceedings{VariationalAutoEncoderClassification,
  author    = {Yunchen Pu and
               Zhe Gan and
               Ricardo Henao and
               Xin Yuan and
               Chunyuan Li and
               Andrew Stevens and
               Lawrence Carin},
  title     = {Variational Autoencoder for Deep Learning of Images, Labels and Captions},
  booktitle = {Advances in Neural Information Processing Systems 29: Annual Conference
               on Neural Information Processing Systems 2016, December 5-10, 2016,
               Barcelona, Spain},
  pages     = {2352--2360},
  year      = {2016},
}

@inproceedings{betaVAELB,
  title={beta-VAE: Learning Basic Visual Concepts with a Constrained Variational Framework},
  author={Irina Higgins and Lo{\"i}c Matthey and Arka Pal and Christopher Burgess and Xavier Glorot and Matthew M Botvinick and Shakir Mohamed and Alexander Lerchner},
  booktitle={ICLR},
  year={2017}
}

@misc{pixelCNN,
    title={Pixel Recurrent Neural Networks},
    author={Aaron van den Oord and Nal Kalchbrenner and Koray Kavukcuoglu},
    year={2016},
    eprint={1601.06759},
    archivePrefix={arXiv},
    primaryClass={cs.CV}
}

@inproceedings{pixel_VAE,
 author = {Oord, A\"{a}ron van den and Kalchbrenner, Nal and Vinyals, Oriol and Espeholt, Lasse and Graves, Alex and Kavukcuoglu, Koray},
 title = {Conditional Image Generation with PixelCNN Decoders},
 booktitle = {Proceedings of the 30th International Conference on Neural Information Processing Systems},
 series = {NIPS'16},
 year = {2016},
 isbn = {978-1-5108-3881-9},
 location = {Barcelona, Spain},
 pages = {4797--4805},
 numpages = {9},
 url = {http://dl.acm.org/citation.cfm?id=3157382.3157633},
 acmid = {3157633},
 publisher = {Curran Associates Inc.},
 address = {USA},
}

@article{Deep_feature_VAE,
  author    = {Xianxu Hou and
               LinLin Shen and
               Ke Sun and
               Guoping Qiu},
  title     = {Deep Feature Consistent Variational Autoencoder},
  journal   = {CoRR},
  volume    = {abs/1610.00291},
  year      = {2016},
  url       = {http://arxiv.org/abs/1610.00291},
  archivePrefix = {arXiv},
  eprint    = {1610.00291},
  timestamp = {Mon, 13 Aug 2018 16:46:42 +0200},
  biburl    = {https://dblp.org/rec/bib/journals/corr/HouSSQ16a},
  bibsource = {dblp computer science bibliography, https://dblp.org}
}

@article{style_transfer,
  title={Image Style Transfer Using Convolutional Neural Networks},
  author={Leon A. Gatys and Alexander S. Ecker and Matthias Bethge},
  journal={2016 IEEE Conference on Computer Vision and Pattern Recognition (CVPR)},
  year={2016},
  pages={2414-2423}
}

@article{ALI,
  title={Adversarially Learned Inference},
  author={Vincent Dumoulin and Ishmael Belghazi and Ben Poole and Alex Lamb and Mart{\'i}n Arjovsky and Olivier Mastropietro and Aaron C. Courville},
  journal={ArXiv},
  year={2016},
  volume={abs/1606.00704}
}

@INPROCEEDINGS{anomaly_detection1,
author={M. {Hasan} and J. {Choi} and J. {Neumann} and A. K. {Roy-Chowdhury} and L. S. {Davis}},
booktitle={2016 IEEE Conference on Computer Vision and Pattern Recognition (CVPR)},
title={Learning Temporal Regularity in Video Sequences},
year={2016},
volume={},
number={},
pages={733-742},
keywords={image sequences;learning (artificial intelligence);video signal processing;temporal regularity;video sequence;generative model;regular motion patterns;fully convolutional feed-forward autoencoder;end-to-end learning framework;Feature extraction;Trajectory;Neurons;Encoding;Computational modeling;Visualization;Convolutional codes},
month={June},}

@misc{anomaly_detection2,
    title={Memorizing Normality to Detect Anomaly: Memory-augmented Deep Autoencoder for Unsupervised Anomaly Detection},
    author={Dong Gong and Lingqiao Liu and Vuong Le and Budhaditya Saha and Moussa Reda Mansour and Svetha Venkatesh and Anton van den Hengel},
    year={2019},
    eprint={1904.02639},
    archivePrefix={arXiv},
    primaryClass={cs.CV}
}

@inproceedings{anomaly_detection3,
  title={Deep Autoencoding Gaussian Mixture Model for Unsupervised Anomaly Detection},
  author={Bo Zong and Qi Song and Martin Renqiang Min and Wei Cheng and Cristian Lumezanu and Dae-ki Cho and Haifeng Chen},
  booktitle={ICLR},
  year={2018}
}

@inproceedings{anomaly_detection4,
author = {Zhao, Yiru and Deng, Bing and Shen, Chen and Liu, Yao and Lu, Hongtao and Hua, Xian-Sheng},
title = {Spatio-Temporal AutoEncoder for Video Anomaly Detection},
year = {2017},
isbn = {9781450349062},
publisher = {Association for Computing Machinery},
address = {New York, NY, USA},
url = {https://doi.org/10.1145/3123266.3123451},
doi = {10.1145/3123266.3123451},
booktitle = {Proceedings of the 25th ACM International Conference on Multimedia},
pages = {1933â€“1941},
numpages = {9},
keywords = {autoencoder, video anomaly detection, 3d convolutions},
location = {Mountain View, California, USA},
series = {MM â€™17}
}

@incollection{supervised_autoencoders,
title = {Supervised autoencoders: Improving generalization performance with unsupervised regularizers},
author = {Le, Lei and Patterson, Andrew and White, Martha},
booktitle = {Advances in Neural Information Processing Systems 31},
editor = {S. Bengio and H. Wallach and H. Larochelle and K. Grauman and N. Cesa-Bianchi and R. Garnett},
pages = {107--117},
year = {2018},
publisher = {Curran Associates, Inc.},
}

@inproceedings{Augmenting_Supervised_Neural_Networks,
author = {Zhang, Yuting and Lee, Kibok and Lee, Honglak},
title = {Augmenting Supervised Neural Networks with Unsupervised Objectives for Large-Scale Image Classification},
year = {2016},
publisher = {JMLR.org},
booktitle = {Proceedings of the 33rd International Conference on International Conference on Machine Learning - Volume 48},
pages = {612â€“621},
numpages = {10},
location = {New York, NY, USA},
series = {ICMLâ€™16}
}

@article{Why_Does_Unsupervised,
author = {Erhan, Dumitru and Bengio, Yoshua and Courville, Aaron and Manzagol, Pierre-Antoine and Vincent, Pascal and Bengio, Samy},
title = {Why Does Unsupervised Pre-Training Help Deep Learning?},
year = {2010},
issue_date = {March 2010},
publisher = {JMLR.org},
volume = {11},
issn = {1532-4435},
journal = {J. Mach. Learn. Res.},
month = mar,
pages = {625â€“660},
numpages = {36}
}

@INPROCEEDINGS{autoencoders_classification,
author={M. {Gogoi} and S. A. {Begum}},
booktitle={2017 IEEE International Conference on Computational Intelligence and Computing Research (ICCIC)},
title={Image Classification Using Deep Autoencoders},
year={2017},
volume={},
number={},
pages={1-5},
keywords={feature extraction;image classification;image representation;regression analysis;support vector machines;unsupervised learning;supervised learning task;deep learning architectures;processing layers;image classification;hidden layers;softmax regression layer;3 layers SAE;softmax regression function layer;encoding layer;classification layer;SVM layer;deep autoencoders;Neurons;Support vector machines;Task analysis;Training;Error analysis;Supervised learning;Image classification;Deep Learning;Stack Autoencoders;Support Vector Machine},
doi={10.1109/ICCIC.2017.8524276},
ISSN={2471-7851},
month={Dec},}

@InProceedings{Auto-encoder_Based_Data_Clustering,
author="Song, Chunfeng
and Liu, Feng
and Huang, Yongzhen
and Wang, Liang
and Tan, Tieniu",
editor="Ruiz-Shulcloper, Jos{\'e}
and Sanniti di Baja, Gabriella",
title="Auto-encoder Based Data Clustering",
booktitle="Progress in Pattern Recognition, Image Analysis, Computer Vision, and Applications",
year="2013",
publisher="Springer Berlin Heidelberg",
address="Berlin, Heidelberg",
pages="117--124",
}

@inproceedings{kmeans,
author = {Wagstaff, Kiri and Cardie, Claire and Rogers, Seth and Schr\"{o}dl, Stefan},
title = {Constrained K-Means Clustering with Background Knowledge},
year = {2001},
isbn = {1558607781},
publisher = {Morgan Kaufmann Publishers Inc.},
address = {San Francisco, CA, USA},
booktitle = {Proceedings of the Eighteenth International Conference on Machine Learning},
pages = {577â€“584},
numpages = {8},
series = {ICML â€™01}
}

@inproceedings{soft_clustering,
author = {Guo, Xifeng and Liu, Xinwang and Zhu, En and Yin, Jianping},
year = {2017},
month = {10},
pages = {373-382},
title = {Deep Clustering with Convolutional Autoencoders},
}


@article{autoencoder_gmm,
  title={Deep Unsupervised Clustering with Gaussian Mixture Variational Autoencoders},
  author={Nat Dilokthanakul and Pedro A. M. Mediano and Marta Garnelo and Matthew C. H. Lee and Hugh Salimbeni and Kai Arulkumaran and Murray Shanahan},
  journal={ArXiv},
  year={2017},
  volume={abs/1611.02648}
}

@misc{PCA_linearautoencoder,
    title={From Principal Subspaces to Principal Components with Linear Autoencoders},
    author={Elad Plaut},
    year={2018},
    eprint={1804.10253},
    archivePrefix={arXiv},
    primaryClass={stat.ML}
}

@inproceedings{CelebA,
author = {Liu, Ziwei and Luo, Ping and Wang, Xiaogang and Tang, Xiaoou},
title = {Deep Learning Face Attributes in the Wild},
year = {2015},
isbn = {9781467383912},
publisher = {IEEE Computer Society},
address = {USA},
url = {https://doi.org/10.1109/ICCV.2015.425},
doi = {10.1109/ICCV.2015.425},
booktitle = {Proceedings of the 2015 IEEE International Conference on Computer Vision (ICCV)},
pages = {3730â€“3738},
numpages = {9},
series = {ICCV â€™15}
}

@inproceedings{pixelRNN,
author = {Van Den Oord, A\"{a}ron and Kalchbrenner, Nal and Kavukcuoglu, Koray},
title = {Pixel Recurrent Neural Networks},
year = {2016},
publisher = {JMLR.org},
booktitle = {Proceedings of the 33rd International Conference on International Conference on Machine Learning - Volume 48},
pages = {1747â€“1756},
numpages = {10},
location = {New York, NY, USA},
series = {ICMLâ€™16}
}

@inproceedings{denoising_ae_and_ETF,
  author    = {Dor Bank and
               Raja Giryes},
  title     = {An {ETF} view of Dropout regularization},
  booktitle = {31st British Machine Vision Conference 2020, {BMVC} 2020, Virtual
               Event, UK, September 7-10, 2020},
  publisher = {{BMVA} Press},
  year      = {2020},
  url       = {https://www.bmvc2020-conference.com/assets/papers/0044.pdf},
  timestamp = {Tue, 12 Jan 2021 00:00:00 +0100},
  biburl    = {https://dblp.org/rec/conf/bmvc/BankG20.bib},
  bibsource = {dblp computer science bibliography, https://dblp.org}
}

@article{IWAE,
  title={Importance Weighted Autoencoders},
  author={Yuri Burda and Roger B. Grosse and Ruslan Salakhutdinov},
  journal={CoRR},
  year={2015},
  volume={abs/1509.00519}
}

@inproceedings{Wasserstein_Autoencoders,
title	= {Wasserstein Auto-Encoders},
author	= {Ilya Tolstikhin and and Olivier Bousquet and Sylvain Gelly and Bernhard Scholkopf},
year	= {2018},
journal = {Proceedings of the 29th International Conference on Machine Learning},
Publisher = {ICML 2018}
}

@InProceedings{WGAN, 
title = {Wasserstein Generative Adversarial Networks}, 
author = {Martin Arjovsky and Soumith Chintala and L{\'e}on Bottou}, 
booktitle = {Proceedings of the 34th International Conference on Machine Learning}, 
pages = {214--223}, 
year = {2017}, 
editor = {Doina Precup and Yee Whye Teh}, 
volume = {70}, series = {Proceedings of Machine Learning Research}, 
address = {International Convention Centre, Sydney, Australia}, month = {06--11 Aug}, 
publisher = {PMLR}, 
}

@book{OT,
  title={Topics in Optimal Transportation},
  author={Villani, C.},
  isbn={9780821833124},
  lccn={2003040350},
  series={Graduate studies in mathematics},
  url={https://books.google.co.il/books?id=GqRXYFxe0l0C},
  year={2003},
  publisher={American Mathematical Society}
}

@article{EMD,
author = {Rubner, Yossi and Tomasi, Carlo and Guibas, Leonidas},
year = {2000},
month = {11},
pages = {99-121},
title = {The Earth Mover's Distance as a Metric for Image Retrieval},
volume = {40},
journal = {International Journal of Computer Vision},
doi = {10.1023/A:1026543900054}
}


@article{factoring_OT,
title	= {From optimal transport to generative modeling: the VEGAN cookbook},
author	= {Olivier Bousquet and Sylvain Gelly and Ilya Tolstikhin and Carl-Johann Simon-Gabriel and Bernhard Schoelkopf},
year	= {2017},
journal	= {arXiv}
}


@article{MMD,
author = {Gretton, Arthur and Borgwardt, Karsten M. and Rasch, Malte J. and Sch\"{o}lkopf, Bernhard and Smola, Alexander},
title = {A Kernel Two-Sample Test},
year = {2012},
issue_date = {3/1/2012},
publisher = {JMLR.org},
volume = {13},
number = {null},
issn = {1532-4435},
journal = {J. Mach. Learn. Res.},
month = mar,
pages = {723â€“773},
numpages = {51},
}

@article{JS,
  added-at = {2016-04-10T14:35:08.000+0200},
  author = {Lin, Jianhua},
  biburl = {https://www.bibsonomy.org/bibtex/266e1e249efddb262bf58214d6a21f120/sdo},
  description = {IEEE Xplore Abstract - Divergence measures based on the Shannon entropy},
  doi = {10.1109/18.61115},
  interhash = {3a63843545ff9a49bf2864635588b55a},
  intrahash = {66e1e249efddb262bf58214d6a21f120},
  issn = {0018-9448},
  journal = {IEEE Transactions on Information Theory},
  month = jan,
  number = 1,
  pages = {145-151},
  timestamp = {2016-04-10T14:35:08.000+0200},
  title = {Divergence measures based on the Shannon entropy},
  url = {http://ieeexplore.ieee.org/xpl/articleDetails.jsp?arnumber=61115},
  volume = 37,
  year = 1991
}

@article{Marginalized,
author = {Chen, Minmin and Xu, Zhixiang and Weinberger, Kilian and Sha, Fei},
year = {2012},
month = {06},
pages = {},
title = {Marginalized Denoising Autoencoders for Domain Adaptation},
volume = {1},
journal = {Proceedings of the 29th International Conference on Machine Learning, ICML 2012}
}

@article{Adversarial_Autoencoders,
  author = {Makhzani, Alireza and Shlens, Jonathon and Jaitly, Navdeep and Goodfellow, Ian J.},
  biburl = {https://www.bibsonomy.org/bibtex/23927d6b286f4e2d8d670b28abb7b6232/dblp},
  ee = {http://arxiv.org/abs/1511.05644},
  journal = {CoRR},
  keywords = {dblp},
  timestamp = {2018-08-14T14:13:37.000+0200},
  title = {Adversarial Autoencoders},
  volume = {abs/1511.05644},
  year = 2015
}

@inproceedings{decoder_generator,
author = {Larsen, Anders Boesen Lindbo and S\o{}nderby, S\o{}ren Kaae and Larochelle, Hugo and Winther, Ole},
title = {Autoencoding beyond Pixels Using a Learned Similarity Metric},
year = {2016},
publisher = {JMLR.org},
booktitle = {Proceedings of the 33rd International Conference on International Conference on Machine Learning - Volume 48},
pages = {1558â€“1566},
numpages = {9},
location = {New York, NY, USA},
series = {ICML'16}
}

@misc{HALI,
    title={Hierarchical Adversarially Learned Inference},
    author={Mohamed Ishmael Belghazi and Sai Rajeswar and Olivier Mastropietro and Negar Rostamzadeh and Jovana Mitrovic and Aaron Courville},
    year={2018},
    eprint={1802.01071},
    archivePrefix={arXiv},
    primaryClass={stat.ML}
}

@misc{GAEL,
    title={GMM-Based Generative Adversarial Encoder Learning},
    author={Yuri Feigin and Hedva Spitzer and Raja Giryes},
    year={2020},
    eprint={2012.04525},
    archivePrefix={arXiv},
    primaryClass={cs.LG}
}

@misc{StyleGANEncoder,
    title={A Self Supervised StyleGAN for Classificationwith Extremely Limited Annotations},
    author={Dana Cohen Hochberg and Raja Giryes and Hayit Greenspan},
    year={2021},
}



@inproceedings{ALICE,
 author = {Li, Chunyuan and Liu, Hao and Chen, Changyou and Pu, Yuchen and Chen, Liqun and Henao, Ricardo and Carin, Lawrence},
 booktitle = {Advances in Neural Information Processing Systems},
 editor = {I. Guyon and U. V. Luxburg and S. Bengio and H. Wallach and R. Fergus and S. Vishwanathan and R. Garnett},
 pages = {},
 publisher = {Curran Associates, Inc.},
 title = {ALICE: Towards Understanding Adversarial Learning for Joint Distribution Matching},
 url = {https://proceedings.neurips.cc/paper/2017/file/ade55409d1224074754035a5a937d2e0-Paper.pdf},
 volume = {30},
 year = {2017}
}